<record><leader>00000cas a22000007a 4500</leader><controlfield tag="001">10947754</controlfield><controlfield tag="008">840713d19331958nyuwr ne      0    0eng d</controlfield><controlfield tag="009">148</controlfield><datafield ind1=" " ind2=" " tag="010"><subfield code="a">sn 84031467 </subfield></datafield><datafield ind1=" " ind2=" " tag="040"><subfield code="a">NYG</subfield><subfield code="b">eng</subfield><subfield code="c">NYG</subfield><subfield code="d">NYS</subfield><subfield code="d">OCLCQ</subfield></datafield><datafield ind1="1" ind2=" " tag="029"><subfield code="a">AU@</subfield><subfield code="b">000020532137</subfield></datafield><datafield ind1=" " ind2=" " tag="042"><subfield code="a">msc</subfield></datafield><datafield ind1="0" ind2=" " tag="130"><subfield code="a">Eagle-bulletin (Fayetteville, N.Y. : 1933)</subfield></datafield><datafield ind1="0" ind2="4" tag="245"><subfield code="a">The eagle-bulletin.</subfield></datafield><datafield ind1="3" ind2="0" tag="246"><subfield code="a">Eagle bulletin</subfield></datafield><datafield ind1=" " ind2=" " tag="260"><subfield code="a">Fayetteville, N.Y. :</subfield><subfield code="b">Manlius Pub. Co.,</subfield><subfield code="c">1933-1958.</subfield></datafield><datafield ind1=" " ind2=" " tag="300"><subfield code="a">v. :</subfield><subfield code="b">ill. ;</subfield><subfield code="c">49 cm.</subfield></datafield><datafield ind1=" " ind2=" " tag="310"><subfield code="a">Weekly</subfield></datafield><datafield ind1="0" ind2=" " tag="362"><subfield code="a">Vol. 44-38, no. 31 (Aug. 3, 1933)-v. 21-75, no. 53 (Dec. 31, 1958).</subfield></datafield><datafield ind1=" " ind2=" " tag="515"><subfield code="a">Vol. numbering is a combination of the numbering system of the two earlier titles which this continues.</subfield></datafield><datafield ind1=" " ind2=" " tag="500"><subfield code="a">Editors: T.E. Bogardus and G.C. Wortley, &lt;1955&gt;.</subfield></datafield><datafield ind1=" " ind2="4" tag="651"><subfield code="a">Fayetteville (N.Y.)</subfield><subfield code="v">Newspapers.</subfield></datafield><datafield ind1=" " ind2=" " tag="752"><subfield code="a">United States</subfield><subfield code="b">New York</subfield><subfield code="c">Onondaga</subfield><subfield code="d">Fayetteville.</subfield></datafield><datafield ind1="0" ind2="4" tag="780"><subfield code="t">Manlius eagle (Manlius, N.Y. : 1902)</subfield><subfield code="w">(DLC)sn 91066037</subfield><subfield code="w">(OCoLC)23173423</subfield></datafield><datafield ind1="0" ind2="4" tag="780"><subfield code="t">Fayetteville bulletin</subfield><subfield code="w">(DLC)sn 84031466</subfield><subfield code="w">(OCoLC)10947689</subfield></datafield><datafield ind1="0" ind2="7" tag="785"><subfield code="t">DeWitt times</subfield></datafield><datafield ind1="0" ind2="7" tag="785"><subfield code="t">Eagle-bulletin and DeWitt times</subfield><subfield code="w">(DLC)sn 90066439</subfield><subfield code="w">(OCoLC)22929224</subfield></datafield></record>